4164 5696
450 593 457 612 ,
554 521 636 612 tor
817 499 1506 602 THEO‘REMATA'

497 629 633 762 probo
672 643 838 758 undio,
878 681 928 742 ac
965 657 1163 746 diuturno
1202 659 1389 748 duorum
1428 679 1637 748 annorum
1678 639 1850 743 decurlu

497 780 704 886 luccilrvis
733 799 844 885 boris
881 807 1130 919 composui.
1163 809 1204 896 Si
1233 809 1395 898 affiduis'
1429 803 1636 895 laboribus
1664 803 1855 890 invento·

496 973 593 1036 tutu
624 967 818 1036 meorum
847 945 1007 1042 lrudlus
1052 957 1384 1072 respondillent‚
1424 953 1678 1045 utilislintunr
1717 941 1855 1063 profe·

491 1091 599 1208 no,
624 1117 748 1213 atque
777 1095 971 1187 dodltine
1001 1103 1178 1216 plenum
1212 1105 1517 1194 Mathematicis
1547 1125 1655 1216 opus
1690 1091 1856 1182 exhibe·

490 1269 585 1334 rent
611 1278 625 1353 ;
655 1245 724 1332 sed
753 1271 841 1334 non
871 1246 958 1332 haec
989 1250 1187 1337 tentanda
1220 1253 1312 1339 lunt
1334 1251 1620 1354 Problemata,
1652 1271 1745 1363 quae
1764 1243 1858 1328 Ma·

494 1396 729 1484 themntlcis
759 1395 940 1484 illudunt
970 1463 985 1507 ,
1024 1421 1069 1484 ut
1109 1395 1237 1484 lludit
1273 1397 1414 1486 nollra
1452 1397 1625 1488 feliciter
1671 1396 1853 1485 cadant.

491 1540 722 1632 Nonnullis
751 1543 876 1656 igitur
907 1541 1303 1653 Theorernttibus,
1340 1543 1384 1630 dr
1416 1542 1556 1658 aliquo
1585 1544 1853 1633 Problemate

498 1714 640 1780 tntum
668 1713 774 1802 opus
804 1685 1115 1802 perstringam,
1156 1689 1449 1806 deducrmque
1482 1689 1685 1806 quidquid
1724 1717 1778 1775 ex
1808 1689 1853 1774 iis

496 1837 652 1926 deduci
683 1837 796 1952 polle
821 1843 1026 1949 cognovi·
1054 1843 1203 1928 Fateor
1224 1863 1368 1928 autern
1395 1843 1442 1926 in
1461 1837 1728 1926 theorematis
1751 1859 1854 1922 con·

499 1985 718 2092 ficiendis,
744 1983 943 2102 rebusque
973 1988 1220 2078 adnotandis
1238 2051 1254 2095 ,
1272 2013 1363 2106 quae
1389 2015 1441 2074 ex
1472 1988 1516 2072 iis
1545 1985 1853 2102 consequeban-

496 2159 601 2239 tur,
629 2160 716 2220 non
744 2159 892 2222 earum
923 2138 1073 2246 ulum,
1102 2139 1146 2225 δε
1174 2137 1430 2245 utilitatem,
1470 2135 1539 2220 led
1579 2139 1718 2246 potios
1747 2131 1857 2220 vett·-

492 2303 627 2370 tarem
657 2278 932 2367 confideralle
959 2312 972 2385 ς
1003 2307 1081 2367 nec
1112 2281 1207 2369 sane
1236 2283 1486 2387 immerito,
1516 2307 1616 2367 curn
1648 2279 1856 2368 derebus

452 2461 457 2470 ·
495 2452 680 2544 ngtrur,
709 2427 763 2512 de
793 2449 972 2540 quarunt
1003 2449 1150 2512 natura
1178 2425 1245 2514 vel
1275 2451 1422 2540 parum
1448 2495 1464 2538 ‚
1490 2427 1561 2514 vel
1599 2426 1705 2514 nibil
1734 2425 1858 2513 intel·

492 2576 668 2692 ligitur:
701 2577 904 2680 Etenim,
933 2567 965 2657 st
995 2597 1018 2658 tt
1048 2567 1227 2658 Mathesr
1257 2574 1405 2688 quovis
1438 2597 1631 2688 ternpore
1668 2601 1728 2660 en
1766 2598 1858 2660 om·

497 2755 553 2816 nr
618 2721 811 2812 arcendae
850 2717 1016 2808 loiffent
1051 2715 1388 2834 propositiones,
1429 2747 1606 2838 quarum
1647 2724 1768 2832 ulus,
1809 2751 1858 2812 ac

499 2900 546 2964 ut
563 2873 657 2960 litas
685 2897 773 2958 non
798 2863 1076 2982 attingebatur
1097 2931 1112 2976 ,
1133 2891 1349 2980 nunquam
1378 2871 1602 2956 innumera
1634 2896 1860 2986 propenso·
1979 2967 1983 2975 ,

401 3027 403 3034 ’
495 3015 861 3130 dom-praelata,
901 3039 1023 3127 utque
1062 3010 1264 3100 utilillimt
1294 3017 1538 3102 inventu-in
1577 3015 1718 3106 lucem
1759 3047 1855 3132 pto·

495 3168 690 3262 diillent·
718 3161 976 3279 Neglertiffet
1002 3157 1168 3250 fottrlle
1186 3161 1432 3276 Apollonius
1461 3161 1711 3254 Sediionutn
1741 3170 1856 3255 coni·

499 3346 650 3411 carum
680 3297 953 3424 donuinam,
984 3308 1274 3400 Proreuorum
1305 3318 1391 3402 vias
1420 3339 1510 3400 non
1537 3312 1853 3406 demonssttllet

495 3468 730 3576 Goliloeus,
762 3463 1030 3548 Planetrrum
1069 3463 1255 3546 tramites
1282 3483 1371 3544 non
1410 3463 1670 3574 cognovisset
1697 3463 1852 3574 Keple·

496 3643 608 3728 rns‚
648 3611 969 3729 pythagoricum
1013 3609 1269 3716 inventum,
1308 3605 1378 3696 vel
1418 3609 1740 3723 proposttionent
1783 3624 1856 3726 36.'

492 3761 566 3853 lib.
587 3788 626 3876 3.
658 3783 747 3848 nnn
779 3751 994 3870 leripfillet
1021 3751 1253 3864 Euclides,
1288 3753 1486 3865 Operum
1507 3824 1536 3877 ,v
1559 3783 1649 3873 qun
1681 3759 1855 3853 libella„

450 4025 454 4034 Ι
491 3910 603 4002 fiunt
644 3907 999 4020 corrigendorum
1041 3901 1219 4006 modurn
1259 3901 1510 4014 ignorsllent
1548 3907 1856 4020 Recentiures,

329 4108 333 4116 ·
496 4063 712 4156 ncuiuent
735 4062 935 4167 Veteres,
964 4077 1011 4144 ut
1037 4050 1116 4138 ulia
1144 4051 1338 4138 omitum
1358 4117 1374 4162 ‚
1391 4053 1731 4167 Progteffionum
1752 4085 1853 4174 geo·

498 4213 812 4316 metricarutn,
837 4209 885 4296 δι
912 4179 1272 4294 arithmeticerutn
1293 4210 1653 4316 comparutionem
1675 4271 1690 4318 ,
1713 4213 1856 4320 Lnga·

499 4368 758 4478 ritburorum
785 4352 978 4471 doctrina
1012 4375 1103 4463 reru
1141 4349 1251 4464 utili}
1275 4350 1321 4462 iu,
1355 4351 1542 4470 tenebris
1580 4359 1759 4472 deniqne
1796 4360 1855 4461 Ιιι,

1638 4509 1799 4630 rutilet,
