4190 5694
512 497 600 596 mo
782 481 1473 586 uunontmrrn
1636 532 1639 540 ·

459 632 505 724 iu
534 650 776 728 tercentum
805 637 1017 756 sexaginta
1047 667 1184 760 partes
1210 639 1388 761 aequales
1416 623 1569 729 divisa.

579 789 751 876 Etenim
779 817 833 876 ex
853 789 977 880 diciis
996 793 1263 881 Problemare
1283 787 1549 906 praecedente
1577 811 1695 878 arcus
1714 789 1814 880 GH

458 927 518 1024 ert
553 952 683 1024 rot0
716 939 825 1050 20';
856 967 959 1054 ergo
990 939 1248 1064 arcusZH,
1276 945 1345 1062 qui
1374 965 1476 1028 cum
1504 965 1602 1026 arcu
1632 937 1734 1030 GH
1756 937 1816 1024 es·

453 1081 543 1172 sicit
578 1081 1091 1204 semicircumserentiarn,
1121 1098 1180 1186 esi
1212 1095 1307 1206 780
1336 1094 1445 1203 40'3
1473 1088 1540 1176 sed
1570 1111 1644 1202 pet
1665 1081 1811 1174 Corui·

453 1235 596 1328 XXII.
628 1235 790 1326 Theor.
810 1243 864 1330 V.
892 1267 1007 1330 arcus
1035 1243 1134 1333 ΗΖ
1163 1246 1222 1332 esi
1252 1243 1404 1360 duplus
1432 1237 1551 1348 ZL;
1590 1261 1693 1350 ergo
1722 1235 1814 1324 ZL

454 1383 514 1476 esi
544 1403 640 1502 39⁰
672 1391 789 1500 20';
818 1417 923 1508 ergo
955 1417 1066 1480 totos
1094 1419 1211 1482 arcus
1240 1395 1338 1480 HL
1369 1392 1430 1480 est
1464 1393 1627 1492 11803
1652 1381 1809 1470 sedat·

454 1561 528 1626 cus
547 1538 639 1626 LX
666 1537 724 1627 esi
752 1567 828 1658 per
858 1539 1217 1636 constructionem
1251 1558 1416 1650 12003
1446 1567 1551 1655 ergo
1579 1561 1699 1628 arcus
1718 1531 1815 1626 XH

455 1687 516 1782 esi
549 1703 638 1780 20.

1033 1884 1213 1974 Scholion
1229 1941 1243 1970 .

571 2145 691 2234 Patet
722 2142 849 2261 igitur
880 2171 932 2237 ex
959 2139 1080 2230 dictis
1105 2139 1263 2230 circuio
1285 2140 1382 2228 dato
1411 2132 1574 2228 inscribi
1598 2127 1739 2249 posse,
1767 2127 1810 2216 &

454 2288 740 2377 circumscribi
767 2315 894 2403 quam
925 2293 1117 2400 proxime
1158 2315 1227 2374 eas
1263 2313 1413 2380 omnes
1439 2287 1613 2396 Figurae
1649 2276 1816 2388 regula·

457 2462 560 2548 res,
589 2459 692 2550 quas
719 2432 1059 2522 commemoravi
1088 2427 1251 2515 Coroil.
1278 2431 1352 2518 XI.
1381 2430 1538 2528 Theor·
1558 2431 1591 2513 Ι.
1622 2429 1810 2537 Insuper,

455 2611 557 2675 curn
586 2610 663 2699 per
693 2584 905 2700 superiora
926 2578 1191 2670 Problemata
1209 2577 1338 2667 dividi
1364 2578 1482 2694 possit
1510 2573 1809 2666 circumferen-

454 2736 513 2820 tia
541 2731 688 2820 circuli
722 2738 766 2820 in
795 2737 1099 2852 quinquaginta
1138 2757 1312 2848 quatuor
1342 2757 1479 2846 partes
1508 2727 1718 2846 aequales,
1753 2725 1815 2812 di·

457 2849 545 2970 uidi
577 2885 772 2996 poterit,
797 2883 1003 2969 sumendo
1040 2882 1218 2995 duplum
1247 2905 1430 2994 artum,
1466 2883 1510 2968 in
1540 2881 1691 2994 viginti
1730 2881 1818 2990 sep·

454 3051 545 3114 tem
589 3051 725 3138 patres
759 3026 971 3142 aequales,
1010 3013 1265 3140 &quilibet
1304 3055 1424 3113 arcus
1462 3031 1542 3115 erit
1582 3045 1676 3142 130
1707 3029 1792 3118 20'
1808 3091 1821 3119 .

460 3175 580 3265 Cum
610 3173 752 3266 autem
789 3176 912 3268 detur
948 3203 1068 3264 arcus
1110 3192 1234 3286 120,
1273 3177 1353 3266 hoc
1384 3173 1591 3269 subtrasio
1629 3179 1680 3268 ab
1709 3208 1809 3272 arcu

455 3345 548 3444 13⁰
577 3331 691 3436 20',
725 3326 944 3418 habebitur
975 3355 1095 3418 arcus
1132 3346 1184 3418 1⁰
1216 3331 1300 3420 zo‘
1316 3364 1330 3442 ;
1360 3331 1429 3419 sed
1462 3357 1663 3444 practerea
1691 3334 1814 3423 habe·

456 3507 528 3572 tur
561 3505 682 3570 arcuo
705 3479 841 3566 unius
878 3465 1069 3602 gratiora,
1103 3505 1244 3594 ergo,
1276 3481 1356 3568 hoc
1387 3453 1595 3592 subtiacio
1631 3484 1684 3567 ab
1710 3509 1810 3568 arcu
1912 3495 1915 3500 ’

457 3647 515 3720 r⁰
548 3628 633 3716 20'
648 3687 665 3734 ,
693 3624 910 3727 habebitur
940 3653 1057 3731 arcus
1085 3631 1201 3732 203,
1229 3628 1301 3734 qui
1329 3623 1389 3708 esi
1422 3629 1541 3715 tertia
1567 3647 1665 3738 pare
1682 3653 1811 3732 -arcut

395 3755 403 3824 ἶ
452 3775 577 3868 unius
603 3768 790 3886 gradus.
826 3771 971 3874 Quare
1010 3764 1167 3858 circulo
1198 3761 1400 3880 inscribi,
1438 3768 1483 3857 δι
1521 3772 1810 3868 circumscribi

452 3944 659 4045 poterunt
689 3918 855 4033 Figura
883 3937 1033 4006 ornnes
1061 3915 1307 4031 regulares,
1343 3943 1523 4033 quarum
1561 3893 1689 4012 latera
1720 3922 1812 4010 sub·

452 4070 636 4164 tendunt
667 4091 789 4155 artus
815 4058 1055 4152 constantes
1085 4087 1139 4152 ex
1168 4064 1343 4176 integris
1369 4067 1604 4181 gradibus,
1642 4071 1687 4158 δι
1729 4095 1811 4164 ter.

453 4221 557 4328 tiis,
584 4212 704 4304 sextis
723 4279 743 4320 ,
780 4207 1046 4303 duodecimis
1074 4209 1158 4304 &m
1196 4208 1378 4324 partibus
1406 4213 1602 4327 gradus.
1641 4222 1705 4306 Ex
1742 4220 1805 4308 hie

456 4387 601 4480 autern
627 4353 830 4474 bacienut
853 4351 1086 4476 expositio,
1114 4353 1251 4470 audeat
1277 4357 1384 4471 mihi
1410 4359 1492 4482 esse
1519 4389 1625 4468 non,
1641 4363 1807 4504 tidaorg

1600 4509 1633 4602 si
1651 4537 1753 4620 cong
