4146 5690
496 513 523 604 8
780 512 826 598 T
855 513 902 602 H
933 513 967 600 E
994 511 1041 604 0.
1070 517 1113 606 R
1144 515 1177 606 E
1209 515 1321 610 MA
1352 517 1394 607 Τ
1424 513 1460 610 Α

437 687 540 774 ergo
570 661 802 748 ErEzE
821 690 907 752 re:
947 667 1051 752 Sunt
1080 665 1208 779 igitur
1240 669 1455 782 perimetti
1485 671 1547 776 E,
1575 671 1612 759 Ε
1630 735 1645 782 ,
1671 703 1691 762 e
1722 671 1807 760 in..

441 809 713 924 proportione
746 816 982 916 continua,
1024 813 1109 926 dr,
1134 817 1228 928 quia
1256 843 1361 902 ateae
1391 817 1480 905 sunt
1518 815 1565 902 in
1596 815 1806 930 duplicata
1900 859 1902 862 ·

441 959 604 1050 ratione
638 956 999 1070 perimetroruru,
1028 959 1091 1045 hae
1120 985 1284 1078 quoque
1313 987 1435 1048 eruut
1463 966 1506 1052 in
1535 968 1803 1081 proportione

434 1099 677 1213 eontin'ua'r
707 1105 777 1194 sed
808 1108 1064 1194 circulorum
1095 1107 1474 1222 circumferentiae,
1503 1111 1547 1197 dc
1576 1112 1807 1224 triangulo·

341 1315 356 1328 -
435 1281 541 1378 rum
576 1255 761 1355 ambitus
788 1253 903 1365 sunt,
923 1274 967 1345 ut
995 1260 1208 1369 perimetri
1227 1263 1544 1376 hexagonorum
1567 1329 1582 1373 ‚
1609 1263 1807 1378 quemad·

440 1407 624 1498 modum
657 1431 811 1496 eoruru·
837 1437 967 1519 atrae,
996 1436 1039 1496 ur
1068 1433 1173 1494 areae
1204 1410 1556 1522 hexagonorum
1588 1439 1691 1526 ergo
1711 1413 1807 1500 suut

444 1559 489 1644 in
525 1563 800 1673 proportione
837 1565 1069 1651 continua:
1110 1566 1198 1650 iruo
1226 1589 1499 1680 quaecumque
1538 1561 1618 1650 srnt
1657 1563 1801 1680 figurae

432 1703 606 1794 ·srmiies
634 1697 799 1794 circuiit
829 1707 1033 1824 inscriptae
1060 1733 1185 1797 erunt
1213 1713 1256 1796 in
1279 1712 1550 1836 proportione
1579 1715 1810 1800 continua..

448 1881 535 1942 ram
565 1871 712 1945 ‘earum
745 1862 959 1972 perimerri
982 1930 995 1972 ,
1022 1887 1149 1978 quam
1176 1887 1311 1950 areae.
1350 1855 1570 1974 Suppostro
1608 1883 1713 1972 ergo
1742 1856 1813 1973 pe·

432 2011 628 2097 ‘rimrtro
656 2009 866 2126 hexagoni
895 2009 1127 2122 majoris:
1160 2044 1229 2118 r..
1266 2039 1414 2100 eorum
1445 2010 1659 2121 ambitus,
1692 2007 1811 2098 sicuti

451 2135 645 2254 omnium
668 2156 899 2270 figurarum
932 2158 1154 2266 similium,
1170 2157 1284 2270 juxta
1310 2161 1419 2247 hauc
1449 2183 1724 2247 numerorum
1754 2157 1774 2243 s
1796 2203 1811 2220 ·

452 2307 563 2392 rietu
595 2309 914 2421 progredientur
946 2333 979 2392 r.
1007 2325 1081 2416 νς
1104 2367 1116 2394 .
1139 2332 1159 2408 a
1183 2367 1194 2392 .
1217 2325 1312 2415 νη
1334 2369 1342 2386 .
1364 2337 1389 2406 9
1409 2305 1492 2393 &n
1514 2307 1555 2390 in
1586 2301 1815 2412 infinitum,

1007 2420 1401 2450 ——1-——0

453 2593 577 2686 arque
598 2595 747 2660 eorum
762 2564 988 2680 arraejuxra
1008 2567 1406 2660 hancaliamsetiern
1424 2595 1455 2656 t.
1477 2592 1498 2678 3
1523 2598 1580 2667 ·9
1603 2627 1613 2648 .
1637 2587 1688 2670 27
1708 2627 1720 2652 .
1743 2566 1819 2650 81.

1476 2680 1792 2708 menn-ura

1481 2733 1503 2788 4
1552 2716 1588 2771 16
1642 2715 1682 2786 ⁶4
1739 2710 1802 2792 256

455 2798 537 2885 dre.
575 2804 618 2888 in
649 2799 892 2890 infinitum:

970 2985 1229 3070 Corollaritrm
1259 2983 1310 3067 V·

575 3242 704 3351 Quod
734 3241 766 3332 st
795 3239 1275 3358 intelligemusdudiam
1306 3239 1386 3329 eise
1413 3237 1666 3330 diametrum
1697 3263 1819 3328 rum..

467 3395 681 3506 circulos,
711 3419 803 3484 tum
835 3397 1078 3510 hexagona,
1106 3420 1197 3483 tum
1228 3393 1434 3506 triangula
1462 3395 1694 3507 aequiiatera
1725 3381 1823 3476 bifa-

469 3545 577 3629 riam
620 3541 923 3651 dividentem,
970 3567 1093 3656 atque
1127 3542 1238 3626 circa
1275 3539 1383 3627 hanc
1419 3542 1577 3627 revolvi
1615 3542 1825 3651 concipie-

328 3739 330 3742 ·
466 3717 563 3780 mus
605 3688 1030 3802 irredemicircuior,
1067 3687 1154 3778 srve
1190 3689 1543 3803 semihexagona,
1590 3687 1675 3777 sive
1710 3690 1827 3776 semi·

470 3841 716 3958 triangula,
744 3867 797 3926 ex
824 3841 970 3953 primis
999 3842 1181 3927 orientur
1211 3840 1412 3953 sphaerae,
1442 3869 1497 3928 ex
1525 3838 1714 3927 secundis
1738 3863 1828 3924 cor·

446 4017 575 4106 pora
603 3986 833 4104 composita
860 4014 912 4078 err
946 3988 1108 4078 duobus
1137 3991 1288 4100 conis,
1327 3991 1371 4078 δι
1399 3989 1623 4107 cylindro,
1667 4016 1717 4076 ex
1746 4013 1829 4077 ter·

466 4139 533 4228 tiis
561 4134 743 4252 denique
773 4137 905 4243 coni,
938 4163 1118 4254 quorum
1146 4163 1376 4239 corporum
1406 4137 1641 4250 superficies
1666 4157 1826 4240 erunt,

476 4308 521 4374 ut
554 4310 659 4371 areae
687 4279 920 4398 figurarum
948 4307 997 4370 ea
1024 4280 1383 4395 producentium,
1411 4309 1509 4370 curn
1532 4281 1716 4369 ¹debeant
1744 4273 1826 4362 eise

449 4533 455 4561 ἱ
477 4439 523 4547 in
543 4435 751 4553 duplicata
770 4434 932 4547 rarione
961 4429 1168 4547 interum,
1186 4432 1231 4522 de
1259 4429 1473 4554 soliditates
1494 4453 1640 4538 erunt,
1660 4450 1703 4518 ut
1730 4421 1828 4512 cubi

1670 4597 1777 4689 Pessff
