4164 5696
543 481 604 579 96
839 469 881 562 Τ
912 473 957 565 H
986 475 1022 564 ll
1050 471 1097 566 0
1126 469 1169 570 R
1201 473 1234 566 E
1265 475 1312 568 M
1341 475 1382 569 A
1410 477 1451 566 T
1480 475 1518 567 A

480 619 718 732 cognitioni
758 617 887 710 altera
926 625 1192 738 accederet,
1231 628 1369 714 dutree
1410 649 1470 712 tot
1507 620 1840 728 obtinerentur,

476 789 581 878 quat
616 763 851 854 sufficerent
884 769 935 854 ad
961 797 1011 858 ea
1043 769 1242 858 solvende
1270 772 1529 886 geometrice
1560 765 1838 880 problemate,

474 933 570 1026 quac
587 911 643 996 ad
666 912 773 998 itanc
795 913 908 998 diem
930 939 1005 1027 pet
1024 915 1313 1004 Geometriam
1336 913 1570 1002 insolubilia
1589 910 1757 1003 fuerunt
1779 915 1840 996 iu·

478 1058 649 1147 dicata.
678 1058 759 1146 Sed
793 1061 994 1178 quidquid
1022 1063 1076 1148 de
1107 1065 1167 1150 his
1197 1063 1271 1174 stt,
1293 1068 1504 1150 Dominus
1524 1059 1740 1147 Chautatd
1764 1059 1834 1144 Du

479 1197 583 1294 Clor
616 1205 671 1292 de
694 1211 956 1318 Enncagono
985 1209 1165 1322 regulari
1196 1211 1353 1299 circulo
1382 1207 1642 1295 inscribendo
1663 1201 1835 1292 Proble-

479 1381 589 1466 ma,
623 1353 691 1444 vel
723 1354 900 1442 solidum
929 1358 1027 1444 illud
1060 1357 1142 1466 fit,
1169 1359 1236 1445 vel
1265 1360 1437 1469 planum
1458 1421 1473 1464 ,
1492 1362 1752 1470 geometrice
1772 1381 1835 1442 re·

477 1507 630 1592 solvit.
664 1507 951 1591 Examinartda
982 1511 1107 1616 igitur
1146 1506 1205 1596 cll
1237 1511 1323 1594 eius
1352 1512 1610 1620 geometrica
1648 1501 1837 1592 conllru·

479 1645 599 1761 ciro,
628 1651 796 1767 eiusque
825 1639 1160 1758 demonstratio,
1182 1679 1273 1768 quac
1302 1651 1332 1740 st
1364 1680 1462 1739 teta
1489 1677 1650 1762 erunt,
1687 1658 1834 1738 incon·

479 1807 644 1893 cussum
672 1807 750 1892 erir
782 1797 1043 1917 propositum
1071 1800 1325 1916 problema,
1355 1831 1472 1918 aequc
1517 1828 1564 1888 tc
1603 1801 1834 1892 universale

480 1952 704 2068 problema
734 1951 788 2035 de
809 1944 1068 2035 Tutectroue
1097 1975 1247 2058 arcus,
1275 1947 1355 2034 elle
1384 1947 1602 2060 problema
1632 1949 1830 2062 planum;

476 2099 512 2188 st
545 2099 676 2210 salsa,
707 2095 843 2182 adbuc
872 2093 943 2178 lub
972 2093 1043 2180 itte
1071 2119 1187 2201 erit,
1219 2118 1359 2179 utrum
1391 2091 1513 2205 plana
1544 2093 1658 2204 stur,
1687 2124 1741 2182 an
1775 2102 1834 2181 so·

479 2245 563 2333 lida
589 2241 703 2331 didla
730 2241 1027 2356 problemata,
1064 2241 1203 2327 donec
1242 2243 1459 2330 evidentes
1488 2245 1564 2332 hac
1603 2247 1656 2333 de
1687 2273 1731 2330 te
1770 2243 1822 2328 ab

476 2395 614 2510 aliquo
653 2392 958 2479 Mathematico
993 2389 1213 2478 tradantur
1260 2389 1679 2483 demonstrattones·
1729 2395 1830 2479 Etr...

475 2541 841 2660 quemadmodum
871 2538 925 2628 ab
953 2535 1142 2630 auctore
1172 2541 1244 2628 stro
1274 2544 1559 2657 proponitur,

850 2771 1462 2894 troarnum

449 3164 453 3174 ,
593 3060 707 3153 Dato
737 3061 894 3152 circulo
922 3059 1229 3176 Enneagonum
1261 3059 1454 3178 regulare
1479 3061 1736 3154 inscriberez

451 3201 460 3216 ⁶
598 3223 733 3311 Datus
761 3211 938 3304 circulus
961 3209 1021 3300 ell
1050 3213 1331 3332 ABC;(Fig.
1354 3221 1424 3322 r.)
1450 3221 1487 3306 ei
1514 3219 1826 3334 stnneagonum
2012 3269 2038 3276 -

448 3350 674 3490 ¹regulare
702 3361 762 3456 esi
794 3357 1137 3452 inscribendum.

1022 3617 1262 3729 Conslratllit
1281 3635 1295 3707 ζ

496 3968 497 3974 r
589 3887 624 3977 t.
680 3883 720 3974 A
744 3905 893 3978 centro
928 3878 970 3968 A
998 3877 1172 3970 ducatur
1193 3879 1305 3972 linea
1327 3879 1465 3970 ABD
1491 3887 1654 4005 aqualis
1670 3887 1833 3980 diamu-

476 4061 545 4134 trn
571 4029 756 4125 eiusdem
773 4027 950 4122 circuli.
976 4029 1065 4116 Fiat
1085 4029 1342 4142 triangulum
1365 4030 1651 4148 nquilarerum
1674 4045 1712 4122 A
1727 4043 1831 4150 DE,

470 4188 525 4280 'dt
551 4187 650 4276 stuic
678 4183 923 4272 inscribatur
951 4177 1128 4270 circulus
1155 4181 1320 4268 BFH.
1347 4183 1538 4272 ‘Ducattrr
1566 4183 1682 4276 recta
1711 4187 1827 4300 DC,

477 4363 572 4456 quta
594 4343 674 4446 crit
700 4327 1060 4454 perpendicularit
1081 4329 1192 4448 Ali,
1221 4329 1267 4422 dr
1287 4330 1441 4424 secabit
1467 4335 1670 4426 circulum
1690 4333 1826 4426 BFH

560 4529 564 4543 ·
1726 4511 1773 4576 tu
