4146 5690
529 495 587 606 m
774 473 1497 581 'THEOREMATA

474 635 608 725 modo
636 627 979 747 rediauguloruin
1008 665 1061 728 ex
1086 663 1233 728 ertum
1260 638 1486 756 segmentis
1512 631 1816 754 produdlorum‘

472 787 725 875 differentias
754 789 863 873 inter
894 783 933 875 se
963 791 1149 877 invicem
1168 857 1184 900 ,
1204 790 1271 878 seu
1300 815 1325 876 a
1353 787 1601 905 reciangulo
1626 791 1824 877 omniunt

480 938 703 1046 maximo,
742 932 872 1022 modo
909 959 1059 1024 eorum
1101 939 1283 1025 summas
1321 933 1573 1045 cousider03
1610 935 1834 1053 aliquando

472 1088 656 1172 summas
684 1083 914 1192 linearum,¹
951 1109 1181 1196 earumque
1204 1081 1458 1173 differentias
1486 1082 1553 1170 vel
1583 1087 1693 1170 inter
1721 1083 1798 1188 se„
1817 1129 1839 1223 s'

469 1229 540 1318 vel
572 1258 595 1316 a
625 1232 835 1320 diametro
863 1234 1045 1319 examini
1078 1231 1267 1318 subiicio.
1297 1236 1347 1320 ln
1377 1233 1544 1350 reliquis
1562 1259 1666 1320 vero
1695 1235 1827 1321 circu·

429 1469 431 1472 ,
474 1375 564 1465 lum
597 1403 694 1464 curn
727 1377 860 1492 aliqua
898 1408 950 1464 ex
981 1373 1241 1466 Sedionibus
1279 1382 1472 1489 runicis,
1504 1379 1575 1468 rel
1611 1407 1711 1468 cum
1740 1383 1830 1498 Cy·

299 1503 325 1568 t
468 1524 605 1610 cloidc
633 1532 687 1614 ita
718 1553 945 1642 comparo,
978 1553 1022 1617 ut
1051 1529 1254 1616 diameter
1286 1526 1469 1639 circuli,
1496 1529 1541 1614 δι
1571 1533 1656 1615 axis
1677 1557 1827 1618 curvae

467 1674 619 1764 eadem
659 1675 708 1765 stt
739 1681 883 1784 linea3
923 1674 1134 1794 ductisque
1172 1704 1264 1766 tum
1307 1675 1488 1788 circuli,
1530 1703 1624 1766 tunt
1664 1680 1830 1770 alterius

427 1831 430 1838 '
473 1852 615 1914 curvae
647 1825 878 1941 ordinatis,
909 1825 1252 1941 reslangulorum
1282 1825 1553 1940 proprietates
1580 1853 1634 1912 er
1655 1827 1819 1920 summa
1867 1809 1870 1816 ’

463 1971 851 2098 semiordinatarum
881 1977 1087 2092 utriusque
1119 2000 1257 2062 curvor
1286 1978 1330 2060 iu
1360 1973 1593 2062 earundem
1622 1973 1820 2067 differen-

461 2129 561 2216 tiam
589 2129 740 2216 trado.
778 2129 820 2213 T
824 2123 1133 2214 heoteotatibus
1162 2149 1305 2212 autern
1334 2122 1532 2212 omnibus
1561 2132 1824 2241 geometrica

461 2272 818 2364 demonstratione
839 2273 1036 2386 firmatis,
1057 2273 1176 2390 plura
1203 2271 1280 2360 alia
1312 2275 1357 2358 iu
1382 2299 1533 2362 eorum
1558 2279 1819 2394 Corollariis,

460 2449 510 2511 ac
542 2425 713 2514 Scholiis
741 2426 938 2534 deduc03
970 2426 1012 2514 δι
1042 2422 1294 2540 potissimum
1324 2451 1378 2510 ex
1408 2428 1550 2537 primis
1579 2419 1818 2516 nonnulla-³.

456 2571 511 2659 ad
540 2572 888 2662 accelerationem
927 2597 1064 2662 motus
1093 2576 1289 2684 gravium
1318 2574 1568 2684 pertinentia
1594 2603 1609 2679 ;
1648 2547 1819 2691 aliqua„

457 2723 625 2835 insuper
655 2723 708 2812 de
736 2751 862 2811 curra
885 2791 900 2834 ,
927 2747 1053 2836 quam
1082 2716 1323 2804 describunt
1357 2719 1503 2828 gravia
1541 2718 1812 2812 horizontali·

457 2893 522 2956 ter
552 2867 764 2982 proiecla.
794 2871 890 2956 Nec
917 2862 1082 2952 difficile
1115 2859 1214 2948 esset
1246 2889 1299 2948 ex
1332 2862 1477 2948 iisdem
1499 2865 1715 2981 principiis
1733 2867 1806 2954 ali·

454 3043 582 3132 quant
613 3013 769 3104 inferre
800 3011 1164 3131 proposttionctu,
1201 3033 1294 3124 quae
1329 3009 1370 3093 io
1399 3009 1648 3100 Methanica
1685 3017 1808 3106 tradi·

452 3193 558 3281 tur,
597 3169 651 3256 de
680 3164 834 3260 viribus
863 3161 1109 3279 centrisugis
1129 3229 1144 3272 ,
1162 3189 1224 3258 ¹ac
1262 3159 1529 3275 ceutriperis·
1568 3167 1631 3251 Ex
1669 3167 1807 3259 alteris

446 3347 590 3427 uero,
620 3315 834 3433 suppositis
864 3313 1056 3425 circulo,
1079 3313 1123 3400 dt
1152 3309 1229 3397 alia
1256 3335 1386 3400 curva
1415 3312 1524 3402 circa
1552 3321 1805 3430 proprium..

445 3491 570 3558 axem
597 3465 828 3570 revolutis,
856 3462 994 3574 plures
1026 3479 1288 3571 corporum,
1314 3485 1408 3572 quas
1436 3459 1536 3546 inde
1565 3463 1797 3576 oriuntur,

446 3615 737 3732 proportiones
761 3613 946 3726 alligoo.
974 3613 1123 3695 Fateor
1153 3608 1380 3724 equidem,
1409 3607 1608 3722 plurimas
1636 3641 1688 3702 ex
1716 3613 1798 3728 his,

450 3797 552 3892 quas
578 3766 735 3873 scribo,
752 3765 943 3852 veritates
971 3757 1147 3846 faciliori
1167 3761 1326 3845 rarione
1355 3763 1446 3846 erui
1467 3761 1579 3874 polle
1607 3790 1689 3878 ope
1718 3766 1801 3854 cal·

445 3919 530 4010 culi
565 3913 808 4029 integralis3
839 3935 940 4026 puto
967 3933 1145 4015 tamen,
1183 3907 1297 3994 hunc
1324 3912 1796 4019 geometrico-rerum„

439 4063 862 4158 'demonstrandarum
892 4059 1042 4144 rationi
1079 4080 1166 4140 non
1200 4051 1283 4140 elle
1309 4055 1656 4167 praeferendum
1695 4087 1796 4152 cum

445 4245 522 4336 per
551 4211 757 4306 calculum
780 4204 967 4325 quaelibet
994 4203 1160 4323 inventa
1181 4195 1328 4288 veritas
1356 4205 1396 4289 se
1423 4205 1462 4291 se
1487 4205 1677 4295 exhibeat
1698 4205 1788 4294 stne

442 4370 530 4462 ullo
560 4361 863 4482 utplurimum
894 4354 947 4443 ad
976 4349 1070 4442 alias
1101 4355 1294 4446 veritates
1323 4351 1540 4468 respectu:
1577 4382 1668 4445 ooo
1699 4359 1792 4451 itt..

1502 4623 1503 4632 Ν
1602 4531 1733 4622 veto,
1819 4567 1824 4574 -
