4164 5696
462 491 552 588 AD
584 491 909 590 -TRISECT.
947 486 1180 588 Annus
1216 488 1452 582 SPECT.
1526 493 1585 608 ‘95

290 639 336 730 iu
362 639 463 734 duas
491 671 627 762 patrer
653 649 828 766 aequaier
859 674 934 765 per
962 672 1085 764 prop.
1111 673 1176 754 ¹9·
1205 641 1280 731 lib.
1300 669 1341 755 3.
1371 643 1504 730 Elem.

404 797 458 882 11.
515 800 606 886 Fiat
634 809 829 888 centrum
869 801 912 886 in
939 799 1011 914 A,
1041 799 1086 886 dc
1122 791 1344 884 intervallo*
1382 795 1466 882 AF
1501 771 1648 909 (puni

242 1015 244 1020 .
287 939 407 1032 num
435 945 471 1030 F
501 944 807 1040 determinatur
837 977 861 1037 a
889 945 1227 1063 perpendiculari
1257 943 1345 1030 DC
1375 947 1536 1030 tecente
1567 943 1645 1028 cit·

291 1092 618 1187 cumscrentiam
649 1099 792 1186 circuli
820 1099 980 1205 BFH)
1005 1091 1257 1186 describatur
1285 1093 1469 1182 circulus
1497 1091 1647 1179 ALF.

248 1288 253 1296 ·
325 1271 328 1282 ·
404 1242 479 1330 111.
536 1247 626 1333 Fiat
656 1269 854 1337 centrum
886 1247 927 1332 in
958 1244 1033 1350 0,
1070 1243 1142 1331 ubi
1173 1243 1281 1329 linea
1317 1244 1401 1326 ΑΕ
1442 1239 1548 1326 secat
1574 1240 1651 1332 cit·.¹

292 1386 617 1480 'cumscientiam
640 1389 790 1503 ABG,
812 1391 857 1481 dc
876 1389 1130 1480 describatur
1158 1388 1338 1478 circulus
1357 1390 1482 1476 ABE
1513 1411 1649 1502 aequae
1735 1385 1738 1392 ’

294 1541 344 1631 lis
373 1543 533 1634 circuio
561 1543 725 1631 ABG.

294 1698 299 1709 “
410 1691 485 1780 1v.
543 1691 588 1778 A'
601 1712 750 1778 centro
777 1689 816 1777 A
840 1689 896 1778 ad
916 1683 1186 1809 pundume
1214 1688 1390 1780 ducatur
1417 1686 1529 1776 linea
1550 1681 1653 1796 AZ,

292 1831 509 1954 punitum
539 1835 581 1921 Z
605 1833 663 1922 est
693 1833 899 1948 punciurn
931 1839 1060 1952 iiiud5
1081 1839 1149 1929 ubi
1175 1835 1522 1928 circumferentiae
1548 1833 1652 1922 dun·

298 2007 399 2072 turn
429 1979 684 2070 circulorum
706 1985 859 2094 ALF,
878 1985 1003 2072 ABE
1034 1983 1073 2074 se
1096 2013 1244 2076 mutuo
1273 1985 1411 2076 secant
1433 1987 1574 2076 verius
1595 1985 1650 2072 F·

415 2133 529 2220 Dico
557 2157 702 2220 arcum
730 2134 824 2222 CT
852 2137 1000 2224 circuli
1029 2139 1154 2225 ABG
1183 2137 1266 2225 effe
1294 2161 1454 2226 nonam
1484 2158 1650 2250 prrtern

286 2275 646 2372 'circumferentia
672 2285 856 2374 eiusdem
886 2286 1060 2399 circuli,
1088 2313 1136 2376 ac
1166 2311 1388 2402 propterca
1416 2289 1503 2376 eius
1531 2287 1654 2376 chor·

293 2428 396 2515 darn
426 2437 468 2515 in
496 2427 609 2516 dieto
638 2433 797 2518 circuio
826 2436 969 2522 novies
998 2435 1219 2549 repetitam
1238 2438 1551 2552 Enneagonum
1586 2459 1659 2527 ert·⁸

295 2575 475 2690 bibere,
502 2579 616 2694 quod
647 2580 899 2692 petebatur.
1044 2687 1048 2694 ι

828 2885 1073 2999 Praepurarr'o
1090 2939 1102 2970 .

419 3175 477 3265 V.
521 3175 625 3262 Fiat
655 3167 787 3261 sector
817 3171 996 3282 ALM,
1033 3175 1102 3291 qui
1139 3172 1199 3263 esi
1227 3174 1337 3264 sexta
1374 3201 1468 3288 parr
1504 3169 1656 3264 circuli

299 3314 472 3407 ALF.
510 3319 771 3408 Producatu'r
810 3321 950 3410 radius
976 3324 1065 3409 LA
1097 3325 1221 3439 uique
1258 3325 1311 3411 ad
1346 3323 1489 3410 circuli
1517 3321 1663 3413 ALZ

119 3453 122 3459 ’
299 3461 692 3558 circumferentiam
721 3468 764 3554 in
797 3473 870 3556 Χ.

298 3617 304 3626 ’
424 3617 500 3705 Vi.
559 3619 747 3705 Ducatnr
777 3617 885 3704 linea
914 3615 1037 3707 ZX.
1075 3615 1113 3702 A
1142 3611 1303 3730 pundo
1331 3619 1380 3704 M
1408 3619 1586 3710 ducatur.
1616 3620 1666 3712 ii·

296 3765 388 3858 'nea
416 3770 518 3857 MG
545 3768 596 3856 ad
625 3765 833 3881 pundum
862 3768 931 3881 G,
950 3763 1019 3855 ubi
1039 3763 1387 3857 circumferentiae
1405 3771 1664 3864 circulorum
1823 3773 1827 3782 ’

301 3911 467 4026 ABE,
489 3912 628 4004 ALZ
657 3917 698 4001 fe
729 3939 878 4000 mutuo
901 3893 1042 4001 secant
1070 3912 1209 4000 versus
1233 3916 1307 4001 Xt
1336 3907 1402 4002 ha
1424 3916 1536 4034 ἄιε,
1562 3941 1666 4008 cnm
1704 3923 1716 3948 ⁸

303 4059 391 4154 {int
420 4063 602 4176 aequales
628 4088 703 4178 pet
732 4085 850 4172 prop.
872 4085 938 4164 ²9·
960 4083 1023 4171 3.,
1052 4061 1091 4144 se
1120 4081 1268 4148 murno
1296 4059 1489 4150 secabunt
1520 4070 1563 4156 in
1593 4093 1667 4156 co·

305 4205 412 4296 dem
443 4204 637 4322 purrciio-⁹
670 4209 740 4297 nbi
764 4207 927 4295 eedem
956 4205 1093 4294 secant
1123 4205 1276 4294 lineam
1311 4211 1404 4296 AE-
1425 4235 1498 4326 per
1527 4224 1595 4328 ad,
1630 4243 1667 4306 r.

309 4357 403 4448 Fiat
418 4375 619 4448 centrum
645 4357 690 4444 iu
717 4355 873 4448 eodem
893 4349 1077 4468 pundo,
1095 4351 1205 4442 fadia
1221 4353 1440 4472 hypothefi
1458 4354 1565 4446 illud
1582 4357 1667 4448 ede

1099 4499 1148 4586 0
1500 4527 1609 4624 nune
