4190 5694
468 528 565 628 '2042
668 511 1423 611 ..rnnonnMATA

925 817 1192 912 corollarium
1223 821 1293 904 lV.

526 1077 643 1167 Cum
679 1104 733 1168 ex
770 1076 853 1166 hod
890 1073 1182 1170 Theoremare
1220 1073 1384 1166 constet
1421 1071 1502 1163 elie
1544 1071 1683 1186 ZG',
1713 1070 1781 1161 seu

423 1223 514 1321 zi
532 1251 546 1314 r
565 1225 713 1314 AG:
730 1227 823 1314 AG
845 1253 858 1312 r
877 1227 997 1337 AO,
1021 1231 1104 1315 erit
1132 1223 1431 1342 rediangulunr
1447 1219 1593 1312 ZAO
1617 1219 1691 1311 iub
1718 1237 1784 1310 re·

419 1371 489 1462 dia
515 1370 630 1481 ΖΑ,
654 1374 698 1464 dr
723 1372 882 1462 chorda
911 1376 1043 1461 tertiae
1067 1375 1191 1487 partis
1219 1399 1338 1460 arcus
1363 1374 1516 1462 ATM
1546 1369 1781 1468 cnnllunter

419 1520 577 1638 equale
603 1522 806 1638 quadrato
832 1523 967 1612 radii.
1008 1521 1140 1632 Quod
1169 1519 1198 1608 fi
1227 1551 1280 1608 ex
1309 1519 1470 1635 prauo
1502 1523 1544 1615 Z
1573 1525 1618 1610 in
1648 1517 1782 1610 bufim

421 1672 521 1758 AG
546 1673 801 1785 supponatur
836 1670 965 1761 dudla
996 1669 1386 1788 perpendicularis,
1414 1670 1504 1758 haee
1543 1671 1783 1776 lecubirbi·⁴

424 1813 576 1906 larium
603 1817 771 1933 basrm,
799 1821 985 1940 adeoque
1022 1821 1105 1912 erit
1134 1813 1432 1934 anangulum
1472 1817 1545 1907 iub
1573 1817 1779 1908 diametro

422 1967 537 2082 ΒΑ,
568 1970 613 2060 dr
639 1969 812 2061 dimidia
838 1969 925 2060 bair
957 1974 1048 2061 AG
1075 1969 1231 2090 aequule
1256 1965 1428 2058 on.
1458 1969 1591 2056 Arcus
1617 1989 1723 2056 vero
1752 1991 1777 2054 a

423 2115 589 2234 puncto
615 2120 655 2211 A
682 2117 736 2210 nd
764 2115 1009 2236 prndium,
1038 2118 1108 2208 ubi
1134 2115 1494 2238 perpendicularis
1525 2111 1634 2206 secet
1651 2113 1783 2203 circu·

419 2263 512 2356 lum
545 2269 716 2381 FNA,
744 2269 822 2354 erit
850 2279 977 2356 600.
1039 2343 1045 2351 .

943 2541 1147 2653 Problema
1175 2537 1243 2626 Vi.

537 2793 645 2882 Dera
664 2791 848 2912 quelibet
877 2794 985 2882 linea
1012 2765 1094 2882 AB
1121 2795 1243 2908 (urg.
1277 2791 1369 2908 37.)
1398 2789 1518 2906 super
1538 2791 1648 2881 hene
1677 2819 1778 2882 ron·

422 2937 871 3058 ll'rnere'rriengulum
901 2945 1027 3032 ABG
1056 2947 1146 3051 ita,
1176 2969 1221 3034 nt
1251 2941 1302 3034 sn
1332 2944 1497 3033 summe
1522 2939 1657 3033 leteris
1685 2941 1782 3051 AB,

420 3091 466 3221 dr
497 3089 635 3180 leteris
664 3095 838 3181 minoris
865 3093 945 3180 BC
973 3093 1027 3182 ad
1058 3093 1161 3182 larus
1190 3092 1302 3184 aliud
1330 3091 1465 3200 Ac,
1495 3113 1541 3180 ur
1578 3089 1692 3178 idem
1723 3085 1779 3173 lr-

417 3263 483 3333 rur
509 3239 603 3330 Ac
631 3241 683 3334 ad
711 3241 814 3334 latus
844 3243 982 3334 minue
1009 3237 1121 3332 BC.

982 3545 1212 3652 resolutio.
1235 3569 1243 3584 ·

536 3799 631 3889 Fiat
665 3800 709 3888 in
738 3797 778 3886 A
803 3794 974 3916 quilibet
1001 3797 1182 3914 ungulus
1208 3819 1347 3887 rentur
1370 3795 1555 3911 ΒΑΘ,
1595 3797 1639 3888 &
1670 3797 1713 3886 in
1750 3799 1784 3887 B
1900 3889 1908 3897 ,

414 3949 602 4064 angulus
629 3949 760 4040 ABG
790 3950 934 4065 anguli
963 3950 1094 4038 BAC
1127 3947 1312 4064 duplus,
1337 3952 1392 4038 ire
1420 3973 1597 4058 tumen,
1629 3969 1674 4036 ut
1707 3973 1777 4036 un·

422 4095 511 4210 guli
539 4096 778 4186 huiusmodi
807 4093 929 4184 simul
959 4095 1107 4208 sumpti
1132 4092 1212 4185 sint
1233 4099 1419 4186 minores
1440 4095 1605 4187 duobus
1635 4097 1775 4206 tediis,

421 4271 543 4366 arque
573 4247 856 4365 producuntur
885 4247 1012 4340 latere
1047 4247 1180 4356 AC,
1210 4247 1324 4360 BC,
1351 4247 1491 4340 donec
1520 4265 1775 4338 concurrant

414 4395 466 4502 in
493 4397 565 4484 C.
597 4399 710 4488 Dico
734 4392 928 4489 fadum.

553 4532 556 4542 ’
903 4539 906 4544 ’
1639 4547 1726 4642 nr}
